@ONLINE{url:ef,
title = {Entity Framework},
howpublished = "\url{https://msdn.microsoft.com/es-es/data/ef}"
}

@BOOK{url:javascript,
author ={Freeman, E. T.  Robson, E.},
title = {Head First JavaScript Programming (1 edición) O'Reilly Media},
year ={2014}
}


@ONLINE{url:jquery,
title = {JQuery},
howpublished = "\url{http://jquery.com/}"
}

@ONLINE{url:bootstrap,
title = {Bootstrap},
howpublished = "\url{http://getbootstrap.com/}"
}

@ONLINE{url:json,
title = {JSON},
howpublished = "\url{http://json.org/}"
}

@ONLINE{url:signalr,
title = {SignalR},
howpublished = "\url{http://signalr.net/}"
}

@ONLINE{url:redis,
title = {Redis},
howpublished = "\url{http://redis.io/}"
}

@ONLINE{url:mongo,
title = {MongoDB},
howpublished = "\url{http://docs.mongodb.org/ecosystem/drivers/csharp/}"
}

@ONLINE{url:laboratorio,
title = {Laboratorio de Taller de Sistemas de Información 1, edición 2015. },
howpublished = "\url{https://eva.fing.edu.uy/pluginfile.php/89033/mod_resource/content/1/TSI1\%20-\%20Letra\%20Obligatorio\%202015.pdf}"
}

@ONLINE{url:apiml,
title = { API MercadoLibre },
howpublished = "\url{http://developers.mercadolibre.com/api-directory/}"
}


@ONLINE{url:teamwork,
title = {Teamwork},
howpublished = "\url{https://www.teamwork.com/}"
}

@ONLINE{url:oauth,
title = "OAuth",
howpublished = "\url{http://oauth.net/ }"
}

@ONLINE{url:cloudservice,
title = "Cloud Service Azure",
howpublished = "\url{http://azure.microsoft.com/en-us/services/cloud-services/}"
}

@ONLINE{url:servicebus,
title = "Service Bus Azure",
howpublished = "\url{http://azure.microsoft.com/es-es/services/service-bus/}"
}

@ONLINE{url:webjob,
title = "WebJob Azure",
howpublished = "\url{https://azure.microsoft.com/en-us/documentation/articles/web-sites-create-web-jobs/}"
}

@ONLINE{url:schemadb,
title = "Estrategia datos Multitenant",
howpublished = "\url{https://msdn.microsoft.com/en-us/library/aa479086.aspx}"
}


